<?xml version="1.0" encoding="UTF-8"?><collection xmlns="http://www.loc.gov/MARC21/slim"><record><leader>00328nam--2200121-i-4500</leader><controlfield tag="001">000042485</controlfield><controlfield tag="002">20161230</controlfield><controlfield tag="005">20161230201043</controlfield><controlfield tag="008">060222s1000------------r-----000-0-eng-d</controlfield><datafield ind1=" " ind2=" " tag="100"><subfield code="a">Spijevschi,I.I</subfield></datafield><datafield ind1=" " ind2=" " tag="245"><subfield code="a">Baterii galvanice si acumulatori</subfield></datafield><datafield ind1=" " ind2=" " tag="260"><subfield code="a">Bucuresti, Ed.Energetica De Stat, 1953. 99 P.+ Ilustr.+ 3 Tab</subfield></datafield><datafield ind1=" " ind2=" " tag="852"><subfield code="a">3120</subfield></datafield></record></collection>